@misc{grpc,
  author = {The Linux Foundation},
  title  = {{gRPC A high performance, open source universal RPC framework}},
  note   = {\url{https://grpc.io/}},
  year   = {2020}
}

@misc{edgevpn,
  title = {{Open-source VPN for Edge Computing}},
  note  = {\url{https://edgevpn.io/}},
  year  = {2021}
}

@inproceedings{gaminganywhere,
  title     = {{GamingAnywhere: an open cloud gaming system}},
  author    = {Huang, Chun-Ying and Hsu, Cheng-Hsin and Chang, Yu-Chun and Chen, Kuan-Ta},
  booktitle = {{Proceedings of the 4th ACM multimedia systems conference}},
  pages     = {36--47},
  year      = {2013}
}

@inproceedings{boinc,
  author    = {D. P. {Anderson} and E. {Korpela} and R. {Walton}},
  booktitle = {First International Conference on e-Science and Grid Computing (e-Science'05)},
  title     = {High-performance task distribution for volunteer computing},
  year      = {2005},
  volume    = {},
  number    = {},
  pages     = {8 pp.-203},
  doi       = {10.1109/E-SCIENCE.2005.51}
}

@article{placing,
  title     = {{Placing Virtual Machines to Optimize
Cloud Gaming Experience}},
  author    = {Hong, Hua-Jun and Chen, De-Yu and Huang, Chun-Ying and Chen, Kuan-Ta and Hsu, Cheng-Hsin},
  journal   = {{IEEE Transactions on Cloud Computing}},
  volume    = {3},
  number    = {1},
  pages     = {42--53},
  year      = {2014},
  publisher = {IEEE}
}

@article{tincan,
  title     = {{TinCan: User-Defined P2P Virtual Network Overlays
for Ad-hoc Collaboration}},
  author    = {St Juste, Pierre and Jeong, Kyuho and Eom, Heungsik and Baker, Corey and Figueiredo, Renato},
  journal   = {{EAI Endorsed Transactions on Collaborative Computing}},
  volume    = {1},
  number    = {2},
  pages     = {e4},
  year      = {2014},
  publisher = {Citeseer}
}

@article{xmpp,
  title     = {{Extensible Messaging and Presence Protocol (XMPP): Core}},
  author    = {Saint-Andre, Peter},
  year      = {2004},
  publisher = {RFC 3920, October}
}

@misc{dtlc,
  title     = {{Datagram Transport Layer Security}},
  author    = {Rescorla, Eric and Modadugu, Nagendra and others},
  year      = {2006},
  publisher = {RFC 4347, April}
}

@article{stun,
  title   = {{Session Traversal Utilities for NAT (STUN)}},
  author  = {Wing, Dan and Matthews, Philip and Mahy, Rohan and Rosenberg, Jonathan},
  journal = {RFC5389, October},
  year    = {2008}
}

@techreport{turn,
  title       = {{Traversal Using Relays around NAT (TURN): Relay Extensions to Session Traversal Utilities for NAT (STUN)}},
  author      = {Mahy, Rohan and Matthews, Philip and Rosenberg, Jonathan},
  year        = {2010},
  institution = {RFC 5766}
}

@article{ipop,
  title     = {{On the Design and Implementation of IP-over-P2P Overlay Virtual Private Networks}},
  author    = {Subratie, Kensworth and Aditya, Saumitra and Daneshmand, Vahid and Ichikawa, Kohei and Figueiredo, Renato},
  journal   = {{IEICE Transactions on Communications}},
  volume    = {103},
  number    = {1},
  pages     = {2--10},
  year      = {2020},
  publisher = {{The Institute of Electronics, Information and Communication Engineers}}
}

@misc{iproute2,
  title = {{iproute2}},
  note  = {\url{https://wiki.linuxfoundation.org/networking/iproute2}},
  year  = {2020}
}

@misc{ping,
  title     = {{RFC1122: Requirements for Internet hosts-communication layers}},
  author    = {Braden, Robert},
  year      = {1989},
  publisher = {{RFC Editor}}
}

@misc{iperf,
  title = {{iperf3}},
  note  = {\url{https://software.es.net/iperf/}},
  year  = {2020}
}

@misc{albiononline,
  title = {{Albion Online: The Fantasy Sandbox MMORPG}},
  note  = {\url{https://albiononline.com/en/home}},
  year  = {2020}
}

@misc{redeclipse,
  title = {{Red Eclipse}},
  note  = {\url{https://www.redeclipse.net/}},
  year  = {2020}
}

@misc{simplychess,
  title = {{Simply Chess}},
  note  = {\url{http://bluelinegamestudios.com/simply-chess/}},
  year  = {2020}
}

@misc{steam,
  title = {{Simply Chess}},
  note  = {\url{https://store.steampowered.com/?l=japanese}},
  year  = {2021}
}

@misc{prtimes,
  author = {株式会社KADOKAWA Game Linkage（KADOKAWAグループ）},
  title  = {{2019年世界ゲームコンテンツ市場は前年比約2割増の15兆6898億円。 国内は10年連続で成長！過去最高の1兆7330億円に。～『ファミ通ゲーム白書2020』発刊～}},
  note   = {\url{https://prtimes.jp/main/html/rd/p/000007188.000007006.html}},
  year   = {2020}
}

@misc{onlive,
  title = {{OnLive GAMES ON DEMAND}},
  note  = {\url{http://onlive.com/}},
  year  = {2015}
}

@misc{onlive-sony-gaikai,
  title = {{ゲームストリーミングサービスの「OnLive」がサービスを閉鎖、資産をソニーが取得}},
  note  = {\url{https://automaton-media.com/articles/newsjp/onlive-sony-gaikai/}},
  year  = {2015}
}

@misc{ps-now,
  title = {{PlayStaion Now}},
  note  = {\url{https://www.playstation.com/ja-jp/ps-now/}},
  year  = {2021}
}

@misc{stadia,
  title = {{Stadia - One place for all the ways we play}},
  note  = {\url{https://stadia.google.com/}},
  year  = {2021}
}

@misc{geforce-now,
  title = {{GeForce NOW - あなたのPCゲームをどこでもプレイするための「力」}},
  note  = {\url{https://www.nvidia.com/ja-jp/geforce-now/}},
  year  = {2020}
}

@misc{xcloud,
  title = {{Project xCloud (プレビュー) | Xbox}},
  note  = {\url{https://www.xbox.com/ja-JP/xbox-game-streaming/project-xcloud}},
  year  = {2021}
}

@misc{luna,
  title = {{Amazon Luna}},
  note  = {\url{https://developer.amazon.com/ja/luna}},
  year  = {2021}
}

@article{cloudgaming-survey,
  title     = {{A survey on cloud gaming: Future of computer games}},
  author    = {Cai, Wei and Shea, Ryan and Huang, Chun-Ying and Chen, Kuan-Ta and Liu, Jiangchuan and Leung, Victor CM and Hsu, Cheng-Hsin},
  journal   = {{IEEE Access}},
  volume    = {4},
  pages     = {7605--7620},
  year      = {2016},
  publisher = {IEEE}
}

@article{setiathome,
  title     = {{SETI@ home: an experiment in public-resource computing}},
  author    = {Anderson, David P and Cobb, Jeff and Korpela, Eric and Lebofsky, Matt and Werthimer, Dan},
  journal   = {Communications of the ACM},
  volume    = {45},
  number    = {11},
  pages     = {56--61},
  year      = {2002},
  publisher = {ACM New York, NY, USA}
}

@article{folding,
  title   = {{Folding@ Home and Genome@ Home: Using distributed computing to tackle previously intractable problems in computational biology}},
  author  = {Larson, Stefan M. and Snow, Christopher D. and Shirts, Michael and Pande, Vijay S.},
  journal = {{arXiv preprint arXiv:0901.0866}},
  year    = {2009}
}

@article{cloudperformance,
  title     = {{Cloud Gaming: Architecture and Performance}},
  author    = {Shea, Ryan and Liu, Jiangchuan and Ngai, Edith C-H. and Cui, Yong},
  journal   = {IEEE network},
  volume    = {27},
  number    = {4},
  pages     = {16--21},
  year      = {2013},
  publisher = {IEEE}
}

@inproceedings{outatime,
  author    = {Lee, Kyungmin and Chu, David and Cuervo, Eduardo and Kopf, Johannes and Degtyarev, Yury and Grizan, Sergey and Wolman, Alec and Flinn, Jason},
  title     = {Outatime: Using Speculation to Enable Low-Latency Continuous Interaction for Mobile Cloud Gaming},
  year      = {2015},
  isbn      = {9781450334945},
  publisher = {Association for Computing Machinery},
  address   = {New York, NY, USA},
  url       = {https://doi.org/10.1145/2742647.2742656},
  doi       = {10.1145/2742647.2742656},
  pages     = {151–165},
  numpages  = {15},
  keywords  = {network latency, speculation, cloud gaming},
  location  = {Florence, Italy},
  series    = {MobiSys '15}
}

@inproceedings{delay,
  author    = {K. {Raaen} and R. {Eg} and C. {Griwodz}},
  booktitle = {2014 13th Annual Workshop on Network and Systems Support for Games},
  title     = {Can gamers detect cloud delay?},
  year      = {2014},
  volume    = {},
  number    = {},
  pages     = {1-3},
  doi       = {10.1109/NetGames.2014.7008962}
}

@misc{stadia_band,
  title = {{Google’s Project Stream is a working preview of the future of game streaming}},
  note  = {\url{https://www.theverge.com/2018/10/8/17950998/google-project-stream-gaming-assasins-creed-odyssey-first-impression}},
  year  = {2018}
}


